@book{newman2013,
  title={Computational physics},
  author={Newman, Mark},
  year={2013},
  publisher={CreateSpace Independent Publ.}
}
@book{stoer2013,
  title={Introduction to numerical analysis},
  author={Stoer, Josef and Bulirsch, Roland},
  volume={12},
  year={2013},
  publisher={Springer Science \& Business Media}
}
@book{strang2019,
  title={Linear algebra and learning from data},
  author={Strang, Gilbert},
  year={2019},
  publisher={Wellesley-Cambridge Press}
}
@book{trefethen1997,
  title={Numerical linear algebra},
  author={Trefethen, Lloyd N and Bau III, David},
  volume={50},
  year={1997},
  publisher={SIAM}
}

@book{press2007,
 author = {Press, William H. and Teukolsky, Saul A. and Vetterling, William T. and Flannery, Brian P.},
 title = {Numerical Recipes 3rd Edition: The Art of Scientific Computing},
 year = {2007},
 isbn = {0521880688, 9780521880688},
 edition = {3},
 publisher = {Cambridge University Press},
 address = {New York, NY, USA},
} 

